<?xml version="1.0" encoding="UTF-8"?><collection xmlns="http://www.loc.gov/MARC21/slim"><record><leader>00423nam--2200121-i-4500</leader><controlfield tag="001">000004217</controlfield><controlfield tag="002">20161230</controlfield><controlfield tag="005">20161230201025</controlfield><controlfield tag="008">060222s1000------------r-----000-0-eng-d</controlfield><datafield ind1=" " ind2=" " tag="245"><subfield code="a">Atomenergie. ihre friedliche verwertung aus anlass der ersten generalkonferenz der intena tionalen atom-energie-behorde im rahmen der vereinten nationen</subfield></datafield><datafield ind1=" " ind2=" " tag="260"><subfield code="a">Wien, Kreditverein, 1957 78 P</subfield></datafield><datafield ind1=" " ind2=" " tag="490"><subfield code="a">Wirtschafts Berichte</subfield></datafield><datafield ind1=" " ind2=" " tag="852"><subfield code="a">12457</subfield></datafield></record></collection>